@data{21624_2013,
author = {Stewart, Charles},
publisher = {Harvard Dataverse},
title = {2012 Survey of the Performance of American Elections},
year = {2013},
doi = {1902.1/21624},
url = {http://hdl.handle.net/1902.1/21624}
}