@data{Y38VIQ_2017,
author = {Stewart, Charles},
publisher = {Harvard Dataverse},
title = {2016 Survey of the Performance of American Elections},
year = {2017},
doi = {10.7910/DVN/Y38VIQ},
url = {http://dx.doi.org/10.7910/DVN/Y38VIQ}
}