@Unpublished{pettigrew:longlinesminorityprecincts,
  author = 	 {Stephen Pettigrew},
  title = 	 {The Downstream Consequences of Long Waits: How Lines at the Precinct Depress Future Turnout},
  note = 	 {Unpublished working paper},
  year = 	 2017,
  url = {https://www.dropbox.com/s/7eis5yychwgqstw/pettigrew\%20-\%20lines\%20and\%20turnout.pdf?dl=0}
}


@Article{pettigrew:racegapwaittimes,
  author = 	 {Stephen Pettigrew},
  title = 	 {The Race Gap in Precinct Wait Times: Why Minority Precincts are Underserved by Local Election Officials},
  journal = 	 {Political Science Quarterly},
  year = 	 2017,
  volume = 	 132,
  number = 	 3,
  pages = 	 {527-547}}

@InCollection{gronke:2012,
  author = 	 {Gronke, Paul},
  title = 	 {Early Voting: The Quiet Revolution in American Elections},
  booktitle = 	 {Law and Election Politics: The Rules of the Game},
  publisher =    {Routledge New York},
  year = 	 2012,
  editor = 	 {Streb, Matthew},
  pages = 	 {134-48},
  address = 	 {New York, NY}}

@article{herron_smith2014,
  title={Race, Party, and the Consequences of Restricting Early Voting in Florida in the 2012 General Election},
  author={Michael C. Herron and Daniel A. Smith},
  journal={Political Research Quarterly},
  volume=67,
  number=3,
  pages={646-665},
  year=2014,
  publisher={SAGE Publications Sage CA: Los Angeles, CA}
}



@article{herron_smith2013,
  title={House Bill 1355 and Voter Registration in Florida},
  author={Michael C. Herron and Daniel A. Smith},
  journal={State Politics and Policy Quarterly},
  volume=13,
  number=3,
  pages={279-305},
  year=2013,
  publisher={SAGE Publications Sage CA: Los Angeles, CA}
}


@article{amos_etal2017,
title={Reprecincting and Voting Behavior},
author={Amos, Brian and Smith, Daniel A. and {Ste. Claire}, Casey},
journal={Political Behavior},
year=2017,
volume=39,
number=1,
pages={133-156},
publisher={Springer}
}

@unpublished{IDEA:turnout,
title = {Voter Turnout Database},
author = {International Institute for Democracy and Electoral Assistance},
year = 2017,
note = {http://www.idea.int}
}
  
@misc{FDOS:2016vote,
title={Voting Activity by Ballot Type for 2016 General Election},
author={Florida Department of State, Division of Elections},
year={2017},
publisher={Florida Department of State},
url={http://dos.myflorida.com/media/697842/2016-ge-summaries-ballots-by-type-activity.pdf}
}
  


@Article{stewart:waitingtovote2012,
  author = 	 {Charles {Stewart III}},
  title = 	 {Waiting to Vote in 2012},
  journal = 	 {The Journal of Law and Politics},
  year = 	 2013,
  volume = 	 28,
  number = 	 4,
  pages = 	 {439-463}}


@Article{karpbrockington:overreport,
   author = {Jeffrey A. Karp and David Brockington},
   title = {Social Desirability and Response Validity: A Comparative Analysis of Overreporting Voter Turnout in Five Countries},
   journal = {The Journal of Politics},
   year = 2005,
   volume = 67,
   number = 3,
   pages = {825-840}}

@Article{mukherjee:timetax,
  author = 	 {Elora Mukherjee},
  title = 	 {Abolishing the Time Tax on Voting},
  journal = 	 {Notre Dame Law Review},
  year = 	 2009,
  volume = 85,
  number = 1,
  month = {May},
  pages = 	 {177-246}}


@Article{herronsmith:closingtimes,
  author = 	 {Michael C. Herron and Daniel A. Smith},
  title = 	 {Precinct Closing and Wait Times in Florida during the 2012 General Election},
  journal = 	 {Election Law Journal},
  year = 	 2015,
  volume = 	 14,
  number = 	 3,
  pages = 	 {220-238}}

@Article{herronsmith:hanoverstudy,
  author = 	 {Michael C. Herron and Daniel A. Smith},
  title = 	 {Precinct resources and voter wait times},
  journal = 	 {Electoral Studies},
  year = 	 2016,
  volume = 	 42,
  number = 	 2,
  pages = 	 {249-263}}

@article{shinosmith:registrationtiming,
title = "Timing the habit: Voter registration and turnout",
journal = "Electoral Studies",
volume = 51,
pages = {72-82},
year = 2018,
author = "Enrijeta Shino and Daniel A. Smith"
}

@Article{spencermarkovits:renege,
  author = 	 {Douglas M. Spencer and Zachary S. Markovits},
  title = 	 {Long Lines at Polling Stations? Observations from an Election Day Field Study},
  journal = 	 {Election Law Journal},
  year = 	 2010,
  volume = 	 9,
  number = 	 1,
  pages = 	 {3-17}}

@Article{herronsmith:souls,
  author = 	 {Michael C. Herron and Daniel A. Smith},
  title = 	 {Souls to the Polls: Early Voting in Florida in the Shadow of House Bill 1355},
  journal = 	 {Election Law Journal},
  year = 	 2012,
  volume = 	 11,
  number = 	 3,
  pages = 	 {331-347},
  month = 	 {Sep}}


@article{kimball:voting,
  title={Why Are Voting Lines Longer for Urban Voters?},
  author={Kimball, David},
  note = {Unpublished working paper},
  year={2013},
  url = {https://dx.doi.org/10.2139/ssrn.2255009}
}

@incollection{herron:confidence,
  author      = {Herron, Michael C. and Smith, Daniel A. and Serra, Wendy and and Joseph, Bafumi},
  title       = {Wait Times and Voter Confidence: A Study of the 2014 General Election in Miami-Dade County},
  editor      = {Sisco, Tauna and Galdieri, Christopher and Lucas, Jennifer},
  booktitle   = {Races, Reforms, \& Policy: Implications of the 2014 Midterm Election},
  publisher   = {University of Akron Press},
  address     = {Akron, OH},
  year        = 2017
}



@article{alvarez:survey,
  title={2008 survey of the performance of American elections},
  author={Alvarez, R Michael and Ansolabehere, Stephen and Berinsky, Adam and Lenz, Gabriel and Stewart III, Charles and Hall, Thad},
  journal={Caltech/MIT Voting Technology Project, http://vote.caltech.edu/drupal/node/231},
  year={2009}
}

@Article{amoetal:reprecincting,
  author = 	 {Brian Amos and Daniel A. Smith and Casey Ste. Claire},
  title = 	 {Reprecincting and Voting Behavior},
  journal = 	 {Political Behavior},
  year = 	 2017,
  volume = 	 39,
  number = 	 1,
  pages = 	 {133-156}}


@Article{gronke:earlyvotingreforms,
  author = 	 {Paul Gronke},
  title = 	 {Early Voting Reforms and American Elections},
  journal = 	 {William \& Mary Law Review},
  year = 	 2008,
  volume = 	 17,
  number = 	 2,
  pages = 	 {423-452},
  month = 	 {Dec}}


@Article{neelyrichardson:earlyvoting,
  author = 	 {Grant W. Neeley and Lilliard E. Richardson},
  title = 	 {Who is Early Voting? An Individual Level Examination},
  journal = 	 {The Social Science Journal},
  year = 	 2001,
  volume = 	 38,
  number = 	 3,
  pages = 	 {381-392},
  month = 	 {Autumn}}

@Article{gronketoffey:psychological,
  author = 	 {Paul Gronke and Daniel Krantz Toffey},
  title = 	 {The Psychological and Institutional Determinants of Early Voting},
  journal = 	 {Journal of Social Issues},
  year = 	 2008,
  volume = 	 64,
  number = 	 3,
  pages = 	 {503-524},
  month = 	 {Sep}}

@InCollection{gronkebaum:growth,
  author = 	 {Paul Gronke and Eva Galanes-Rosenbaum},
  title = 	 {The Growth of Early and Non-Precinct Place Balloting: When, Why, and Prospects for the Future},
  booktitle = 	 {America Votes! A Guide to Election Law and Voting Rights},
  publisher = {American Bar Association},
  year = 	 2008,
  editor = 	 {Benjamin E. Griffith},
  address = 	 {Chicago, IL}}

@Article{burdenetal:unanticipated,
  author = 	 {Barry C. Burden and David T. Canon and Kenneth R. Mayer and Donald P. Moynihan},
  title = 	 {Election Laws, Mobilization, and Turnout: The Unanticipated Consequences of Election Reform},
  journal = 	 {American Journal of Political Science},
  year = 	 2014,
  volume = 58,
  number = 1,
  pages = {95-109},
  month = {Jan}
  }

@TechReport{pcea:2014,
  author = 	 {Robert F. Bauer and Benjamin L. Ginsberg and  Brian Britton and Joe Echevarria and Trey Grayson and Larry Lomax and Michele Coleman Mayes and Ann McGeehan and Tammy Patrick
Christopher Thomas},
  title = 	 {The American Voting Experience: Report and Recommendations of the Presidential Commission on Election Administration},
  institution =  {Presidential Commission on Election Administration},
  year = 	 2014}


@Unpublished{eac:2016,
  author = 	 {{U.S.\ ELECTION ASSISTANCE COMMISSION}},
  title = 	 {THE ELECTION ADMINISTRATION AND VOTING SURVEY: 2016 Comprehensive Report},
  year = 2017,
  note = 	 {Report available at \url{https://www.eac.gov/assets/1/6/2016\_EAVS\_Comprehensive\_Report.pdf}}}

@Unpublished{eac:2012,
  author = 	 {{U.S.\ ELECTION ASSISTANCE COMMISSION}},
  title = 	 {2012 Election Administration and Voting Survey},
  year = 2013,
  note = 	 {Report available at \url{https://www.eac.gov/assets/1/6/2012ElectionAdministrationandVoterSurvey.pdf}}}


@Article{bellietal:overreport,
  author = 	 {Robert F. Belli and Michael W. Traugott and Matthew N. Beckmann},
  title = 	 {What Leads to Voting Overreports? Contrasts of Overreporters to Validated Voters and Admitted Nonvoters in the American National Election Studies},
  journal = 	 {Journal of Official Statistics},
  year = 	 2001,
  volume = 	 17,
  number = 	 4,
  pages = 	 {479-498}}

@article{sackettetal:timeflies,
author = {Aaron M. Sackett and Tom Meyvis and Leif D. Nelson and Benjamin A. Converse and Anna L. Sackett},
title ={You're Having Fun When Time Flies: The Hedonic Consequences of Subjective Time Progression},
journal = {Psychological Science},
volume = 21,
number = 1,
pages = {111-117},
year = 2010
}

@misc{spae2012,
author = {Stewart, Charles},
note = {Harvard Dataverse, study 1902.1/21624},
title = {2012 Survey of the Performance of American Elections},
year = 2013,
url = {http://hdl.handle.net/1902.1/21624}
}

@misc{spae2016,
author = {Stewart, Charles},
note = {Harvard Dataverse, study 10.7910/DVN/Y38VIQ},
title = {2016 Survey of the Performance of American Elections},
year = {2017},
url = {http://dx.doi.org/10.7910/DVN/Y38VIQ}
}

@Unpublished{cottrelletal:fraud2016,
  author = 	 {David Cottrell and Michael C. Herron and Sean J. Westwood},
  title = 	 {An Exploration of Donald Trump's Allegations of Massive Voter Fraud in the 2016 General Election},
  note = 	 {Forthcoming, \emph{Electoral Studies}}}


@Book{hasen:votingwars,
  author =       {Richard L. Hasen},
  title =        {The Voting Wars: From Florida 2000 to the Next Election Meltdown},
  publisher =    {Yale University Press},
  year =         2012,
  address =      {New Haven, CT}}

@article{sancesstewart:confidence,
title = {Partisanship and confidence in the vote count: Evidence from U.S.\ national elections since 2000},
journal = {Electoral Studies},
volume = 40,
pages = {176-188},
year = 2015,
author = {Michael W. Sances and Charles {Stewart III}},
}


@book{norris2014electoral,
	Author = {Norris, Pippa},
	Publisher = {Cambridge University Press},
	Title = {Why electoral integrity matters},
	Year = 2014}



@Article{ansolhersh:bigdata,
  author = 	 {Stephen Ansolabehere and Eitan Hersh},
  title = 	 {Validation: What Big Data Reveal About Survey Misreporting and the Real Electorate},
  journal = 	 {Political Analysis},
  year = 	 2012,
  volume = 	 20,
  number = 	 4,
  pages = 	 {437-459}}

@Book{leighleynagler:whovotesnow,
  author =       {Jan E. Leighley and Jonathan Nagler},
  title =        {Who Votes Now? Demographics, Issues, Inequality, and Turnout in the United States},
  publisher =    {Princeton University Press},
  year =         2014,
  address =      {Princeton, NJ}}

@article{kimballkropf:tech,
author = {David C. Kimball and Martha Kropf},
title ={Voting Technology, Ballot Measures, and Residual Votes},
journal = {American Politics Research},
volume = 36,
number = 4,
pages = {479-509},
year = 2008}


@Article{benteleetal:newjimcrow,
  author =       {Keith G. Bentele and Erin E. O'Brien},
  title =        {Jim Crow 2.0? Why States Consider and Adopt Restrictive Voter Access Policies},
  journal =      {Perspectives on Politics},
  year =         2013,
  volume =       11,
  number =       4,
  pages =        {1088-1116},
  month =        {Dec}}

@article {dyckgimpel:distance,
author = {Dyck, Joshua J. and Gimpel, James G.},
title = {Distance, Turnout, and the Convenience of Voting*},
journal = {Social Science Quarterly},
volume = 86,
number = 3,
publisher = {Blackwell Publishing},
issn = {1540-6237},
pages = {531-548},
year = 2005,
}


@InCollection{ansolhersh:registration,
  author = 	 {Stephen Ansolabehere and Eitan Hersh},
  title = 	 {Voter Registration: The Process and Quality of Lists},
  booktitle = 	 {The Measure of American Elections},
  publisher = {Cambridge University Press},
  year = 	 2014,
  editor = 	 {Barry C. Burden and Charles Stewart III},
  pages = 	 {61-90},
  address = 	 {Cambridge}}



@Article{ansolabehereshaw:fixinglines,
  author = 	 {Stephen Ansolabehere and Daron Shaw},
  title = 	 {Assessing (and fixing?) Election Day lines: Evidence from a survey of local election officials},
  journal = 	 {Electoral Studies},
  year = 	 2016,
  volume = 	 41,
  number = 	 1,
  pages = 	 {1-11}}


@Article{bennett:waitinginlinechars,
  author = 	 {Bennett, Roger},
  title = 	 {Queues, customer characteristics and policies for managing waiting‐lines in supermarkets},
  journal = 	 {International Journal of Retail \& Distribution Management},
  year = 	 1998,
  volume = 	 26,
  number = 	 2,
  pages = 	 {78-87}}


@Article{clareycooke:emergencyroomleave,
  author = 	 {Clarey, A. J. and M. W. Cooke},
  title = 	 {Patients who leave emergency departments without being seen: literature review and English data analysis},
  journal = 	 {Emergency Medicine Journal},
  year = 	 2011,
  volume = 	 29,
  number = 	 8,
  pages = 	 {617-621}}


@Article{sunetal:lwbs,
  author = 	 {Sun, Benjamin C. and Emily Spilseth Bilstadt and Andrea Pelletier and Carlos Camargo},
  title = 	 {Characteristics and temporal trends of "left before being seen" visits in US Emergency Departments, 1995-2002},
  journal = 	 {The Journal of Emergency Medicine},
  year = 	 2007,
  volume = 	 32,
  number = 	 2,
  pages = 	 {211-215}}

@Article{shaikh:howlongwaiter,
  author = 	 {Shaikh, Sanober and David Jerrard and Michael Witting and Michael Winters and Michael Brodeur},
  title = 	 {How Long Are Patients Willing to Wait in the Emergency Department Before Leaving Without Being Seen},
  journal = 	 {Western Journal of Emergency Medicine},
  year = 	 2012,
  volume = 	 13,
  number = 	 6,
  pages = 	 {463-467}}

@article{fraga:raceturnout,
author = {Fraga, Bernard L.},
title = {Redistricting and the Causal Impact of Race on Voter Turnout},
journal = {The Journal of Politics},
volume = 78,
number = 1,
pages = {19-34},
year = 2016,
doi = {10.1086/683601}}

@article{verbaetal:raceparticipation,
 author = {Sidney Verba and Kay Lehman Schlozman and Henry Brady and Norman H. Nie},
 journal = {British Journal of Political Science},
 number = 4,
 pages = {453-497},
 title = {Race, Ethnicity and Political Resources: Participation in the United States},
 volume = 23,
 year = 1993
}


@article{schlozman:genderdifferentvoice,
 author = {Kay Lehman Schlozman and Nancy Burns and Sidney Verba and Jesse Donahue},
 journal = {American Journal of Political Science},
 number = 2,
 pages = {267-293},
 title = {Gender and Citizen Participation: Is There a Different Voice?},
 volume = 39,
 year = 1995
}

@article{strateetal:age,
 author = {John M. Strate and Charles J. Parrish and Charles D. Elder and Coit Ford},
 journal = {The American Political Science Review},
 number = 2,
 pages = {443-464},
 publisher = {[American Political Science Association, Cambridge University Press]},
 title = {Life Span Civic Development and Voting Participation},
 volume = 83,
 year = 1989
}



@Article{hightonwolfinger:lifecycle,
  author = 	 {Benjamin Highton and Raymond E. Wolfinger},
  title = 	 {The First Seven Years of the Political Life Cycle},
  journal = 	 {American Journal of Political Science},
  year = 	 2001,
  volume = 	 45,
  number = 	 1,
  pages = 	 {202-209},
  month = 	 {Jan}}


@article{martinezgill:partisanturnout,
 author = {Michael D. Martinez and Jeff Gill},
 journal = {The Journal of Politics},
 number = 4,
 pages = {1248-1274},
 title = {The Effects of Turnout on Partisan Outcomes in U.S.\ Presidential Elections 1960–2000},
 volume = 67,
 year = 2005
}


@article{grofmanetal:turnout,
 author = {Bernard Grofman and Guillermo Owen and Christian Collet},
 journal = {Public Choice},
 number = {3/4},
 pages = {357-376},
 title = {Rethinking the Partisan Effects of Higher Turnout: So What's the Question?},
 volume = 99,
 year = 1999
}

@Book{downs:econtheory,
  author = 	 {Anthony Downs},
  title = 	 {An Economic Theory of Democracy},
  publisher = 	 {New York, Harper.},
  year = 	 1957,
  address = 	 {New York, New York}}


@article{costaetal:walkingthewalk,
    author = {Costa, Mia AND Schaffner, Brian F. AND Prevost, Alicia},
    journal = {PLOS ONE},
    publisher = {Public Library of Science},
    title = {Walking the walk? Experiments on the effect of pledging to vote on youth turnout},
    year = 2018,
    month = 05,
    volume = 13,
    pages = {1-16},
    number = 5,
    doi = {10.1371/journal.pone.0197066}
}

@Unpublished{walkeretal:ncearly,
  author = 	 {Hannah L. Walker and Michael C. Herron and Daniel A. Smith},
  title = 	 {Early Voting Changes and Voter Turnout: North Carolina in the 2016 General Election},
  note = 	 {Forthcoming, \emph{Political Behavior}},
  year = 	 2018}


@article{conti:timeflies,
author = {Conti, Regina},
title = {Time Flies: Investigating the Connection Between Intrinsic Motivation and the Experience of Time},
journal = {Journal of Personality},
volume = 69,
number = 1,
year  = 2008,
pages = {1-26}}


@Article{hirstetal:sept11memories,
  author = 	 {William Hirst and Elizabeth A. Phelps and Randy L. Buckner and Andrew E. Budson and Alexandru Cuc and John D. E. Gabrieli and Marcia K. Johnson and Keith B. Lyle and Cindy Lustig and Mara Mather and Robert Meksin and Karen J. Mitchell and Kevin N. Ochsner and Daniel L. Schacter},
  title = 	 {Long-term memory for the terrorist attack of September 11: Flashbulb memories, event memories, and the factors that influence their retention},
  journal = 	 {Journal of Experimental Psychology. General},
  year = 	 2009,
  volume = 	 138,
  number = 	 2,
  pages = 	 {161-76}}

